% Encoding: UTF-8

@Article{CallforProposalsforPCC,
  title   = {Call for Proposals for Point Cloud Compression V2},
  year    = {2017},
  journal = {ISO/IECJTC1/SC29/WG11 N16763},
}

@Article{mekuria2017designTeleimersive,
  author    = {Mekuria, R. and Blom, K. and Cesar, P.},
  title     = {Design, Implementation, and Evaluation of a Point Cloud Codec for Tele-Immersive Video},
  journal   = {IEEE Transactions on Circuits and Systems for Video Technology},
  year      = {2017},
  volume    = {27},
  number    = {4},
  publisher = {IEEE},
}

@InProceedings{kammerl2012realtimeCompression,
  author       = {Kammerl, J. and Blodow, N. and Rusu, R.B. and Gedikli, S. and Beetz, M. and Steinbach, E.},
  title        = {Real-time compression of point cloud streams},
  booktitle    = {IEEE ICRA},
  year         = {2012},
}

@InProceedings{mamou2008newMpeg4,
  author       = {Mamou, K. and Stefanoski, N. and Kirchhoffer, H. and Muller, K. and Zaharia, T. and Preteux, F. and Marpe, D. and Ostermann, J.},
  title        = {The new mpeg-4/famc standard for animated 3d mesh compression},
  booktitle    = {3{DTV} Conference},
  year         = {2008},
}

@InProceedings{merkle2007MultiView,
  author       = {Merkle, P. and Smolic, A. and Muller, K. and Wiegand, T.},
  title        = {Multi-view video plus depth representation and coding},
  booktitle    = {IEEE ICIP},
  year         = {2007},
}

@InProceedings{peng2004progressive,
  author       = {Peng, J. and Yang, S. and Kuo, C-C J.},
  title        = {Progressive 3D mesh coder with octree-based space partitioning},
  booktitle    = {Multimedia Systems and Applications VII},
  year         = {2004},
}

@Article{TourapisBDRate,
  author  = {A. M. Tourapis and D. Singer and Y. Su and K. Mammou},
  title   = {BD-Rate/BD-PSNRexcel extensions},
  journal = {ISO/IECJTC1/SC29/WG11 M41482},
  year    = {2017},
}

@Article{response,
  author  = {S. Schwarz and M. M. Hannuksela and V. Fakour-Sevom and N. Sheiki-Pour and V. Malamalvadakital and A. Aminlou},
  title   = {Nokia’s response to CfP for Point Cloud Compression (Category 2)},
  journal = {ISO/IECJTC1/SC29/WG11 M41779},
  year    = {2017},
}

@inproceedings{schnabel2006octreePcc,
  author  = {Schnabel, R. and Klein, R.},
  title   = {Octree-based Point-Cloud Compression},
  booktitle = {3rd Eurographics / IEEE VGTC Conference on Point-Based Graphics},
  year    = {2006},
}

@InProceedings{zhang2014pointAttributeCompression,
  author       = {Zhang, C. and Flor{\^e}ncio, D. and Loop, C.},
  title        = {Point cloud attribute compression with graph transform},
  booktitle    = {IEEE ICIP},
  year         = {2014},
}

@InProceedings{wang2017pcc3DDCT,
  author       = {Wang, L. and Wang, L. and Luo, Y. and Liu, M.},
  title        = {Point-Cloud compression using data independent method—A 3{D} discrete cosine transform approach},
  booktitle    = {IEEE ICIA},
  year         = {2017},
}

@Article{de2017motionCompensated,
  author    = {de Queiroz, R.L. and Chou, P.A.},
  title     = {Motion-compensated compression of dynamic voxelized point clouds},
  journal   = {IEEE Transactions on Image Processing},
  year      = {2017},
  volume    = {26},
  number    = {8},
}

@Article{thanou2016graphBasedCompression,
  author    = {Thanou, D. and Chou, P. A. and Frossard, P.},
  title     = {Graph-based compression of dynamic 3{D} point cloud sequences},
  journal   = {IEEE Transactions on Image Processing},
  year      = {2016},
  volume    = {25},
  number    = {4},
}

@Article{d'Eon8iVoxalization,
  author  = {Eugene d'Eon and Bob Harrison and Taos Myers and Philip A. Chou},
  title   = {8i voxelized full bodies-a voxelized point cloud dataset},
  journal = {ISO/IEC JTC1/SC29 WG11 M74006},
  year    = {2017},
}

@Article{baronciniReportSubjective,
  author = {Baroncini, V. and Cesar Garcia, P.S. and Siahaan, E. and Reimat, I. and Subramanyam, S.},
  title  = {Report of the Formal Subjective Assessment Test of the Submission received in response to the Call for Proposals for Point Cloud Compression, Contribution to {MPEG}, October 2017},
  year   = {2017},
}

@InProceedings{NokiaResponseToCfP,
  author       = {S. Schwarz and M. M. Hannuksela and V. Fakour-Sevom and N. Sheiki-Pour},
  title        = {2{D} Video coding of volumetric video data},
  year         = {2018},
  booktitle = {IEEE Picture Coding Symposium (accepted for publication)}, 
}

@Misc{GoogleDraco,
  title = {Google Draco},
  year  = {(04.04.2018)},
  HowPublished   = {https://github.com/google/draco},
}

@InProceedings{alliez2001compressionForLosslessTransmission,
  author       = {Alliez, P. and Desbrun, M.},
  title        = {Progressive compression for lossless transmission of triangle meshes},
  booktitle    = {ACM SIGGRAPH},
  year         = {2001},
}

@Article{ClariﬁcationsAndCorrigenda,
  title     = {Clariﬁcations and corrigenda for CfP point cloud compression},
  journal = {ISO/IEC JTC1/SC29/WG11 N17091},
  year      = {2017},
}

@INPROCEEDINGS{tian2017geometricDistortionMetrics,
  author = {Tian, D. and Ochimizu, H. and Feng, C. and Cohen, R.A. and Vetro, A.},
  title  = {Geometric Distortion Metrics for Point Cloud Compression},
	booktitle={IEEE ICIP}, 
  year   = {2017},
}

@Misc{High_Efficiency_Video_Coding_HEVC,
  title        = {High Efficiency Video Coding (HEVC)},
  howpublished = {http://hevc.info/},
  year         = {[Online; accessed 04.04.2018]},
}

@inproceedings{huang2006octreeProgressiveGeometry,
  author    = {Huang, Y. and Peng, J. and Kuo, C-C J. and Gopi, M.},
  title     = {Octree-Based Progressive Geometry Coding of Point Clouds},
  booktitle = {3rd Eurographics / IEEE VGTC Conference on Point-Based Graphics},
  year      = {2006},
	}

@INPROCEEDINGS{Peng2004ProgressiveGeometryspacePartitioning,
  author    = {J. Peng and C. C. J. Kuo},
  title     = {Progressive geometry encoder using octree-based space partitioning},
  booktitle = {IEEE ICME},
  year      = {2004},
}

@Misc{3D_HEVC,
  title        = {3D High Efficiency Video Coding (3D-HEVC)},
  howpublished = {https://hevc.hhi.fraunhofer.de/3dhevc},
  year         = {[Online; accessed 25.04.2018]},
  urldate      = {2018-04-24},
}

@Article{8i_Voxelized_Full_Bodies,
  author  = {E. d'Eon and B. Harrison, T. Myers, and P. A. Chou},
  title   = {8i Voxelized Full Bodies - A Voxelized Point Cloud Dataset},
  journal = {ISO/IEC JTC1/SC29 Joint WG11/WG1 (MPEG/JPEG) input document WG11M40059/WG1M74006,Geneva},
  year    = {2017},
  month   = jan,
}

@Misc{H.264_AVC,
  title        = {H.264 : Advanced video coding for generic audiovisual services},
  howpublished = {http://www.itu.int/rec/T-REC-H.264},
  year         = {[Online; accessed 25.04.2018]},
}

@Misc{HEVCScalabilityExtension,
  title        = {{HEVC} scalability extension ({SHVC})},
  howpublished = {https://hevc.hhi.fraunhofer.de/shvc},
  year         = {[Online; accessed 25.04.2018]},
}

@Comment{jabref-meta: databaseType:bibtex;}
