% This file was created with JabRef 2.10.
% Encoding: Cp1252


@Misc{Airpano,
  Author                   = {{Airpano's website}},
  HowPublished             = {www.airpano.com},
  Note                     = {[Online, accessed August 2016]},

  Owner                    = {ghaznavi},
  Timestamp                = {2016.08.16}
}

@InProceedings{PseudoCylindrical_use_3,
  Title                    = {Stereoscopic rendering of virtual environments with wide Field-of-Views up to 360°},
  Author                   = {Ardouin, J{\'e}r{\^o}me and L{\'e}cuyer, Anatole and Marchal, Maud and Marchand, Eric},
  Booktitle                = {2014 IEEE Virtual Reality (VR)},
  Year                     = {2014},
  Organization             = {IEEE},
  Pages                    = {3--8}
}

@InProceedings{PsudoCylindrical_use_2,
  Title                    = {Navigating in virtual environments with 360 omnidirectional rendering},
  Author                   = {Ardouin, J{\'e}r{\^o}me and L{\'e}cuyer, Anatole and Marchal, Maud and Marchand, Eric},
  Booktitle                = {3D User Interfaces (3DUI), 2013 IEEE Symposium on},
  Year                     = {2013},
  Organization             = {IEEE},
  Pages                    = {95--98}
}

@InCollection{bauermann2006h,
  Title                    = {H. 264 based coding of omnidirectional video},
  Author                   = {Bauermann, Ingo and Mielke, Matthias and Steinbach, Eckehard},
  Booktitle                = {Computer Vision and Graphics},
  Publisher                = {Springer},
  Year                     = {2006},
  Pages                    = {209--215},

  File                     = {:References\\Bauermann2004H.264basedcodingof.pdf:PDF}
}

@Article{bjontegaard_2,
  Title                    = {Improvements of the {BD-PSNR} model},
  Author                   = {Bjøntegaard, Gisle},
  Journal                  = {ITU-T SG16 Q},
  Year                     = {2008},
  Pages                    = {35},
  Volume                   = {6}
}

@Article{Bjontegaard,
  Title                    = {Calcuation of average {PSNR} differences between {RD}-curves},
  Author                   = {Bjøntegaard, Gisle},
  Journal                  = {Doc. VCEG-M33 ITU-T Q6/16, Austin, TX, USA, 2-4 April 2001},
  Year                     = {2001}
}

@Book{Map_projections,
  Title                    = {Map projections: A reference manual},
  Author                   = {Bugayevskiy, Lev M and Snyder, John},
  Publisher                = {CRC Press},
  Year                     = {1995}
}

@Book{VR_Book,
  Title                    = {Developing virtual reality applications: Foundations of effective design},
  Author                   = {Craig, Alan B and Sherman, William R and Will, Jeffrey D},
  Publisher                = {Morgan Kaufmann},
  Year                     = {2009}
}

@InProceedings{PseudoCylindrical_Use_1,
  Title                    = {Embodied interaction using non-planar projections in immersive virtual reality},
  Author                   = {Debarba, Henrique G and Perrin, Sami and Herbelin, Bruno and Boulic, Ronan},
  Booktitle                = {Proceedings of the 21st ACM Symposium on Virtual Reality Software and Technology},
  Year                     = {2015},
  Organization             = {ACM},
  Pages                    = {125--128}
}

@Article{MPEG4_Overview,
  Title                    = {{MPEG-4} natural video coding--An overview},
  Author                   = {Ebrahimi, Touradj and Horne, Caspar},
  Journal                  = {Signal Processing: Image Communication},
  Year                     = {2000},
  Number                   = {4},
  Pages                    = {365--385},
  Volume                   = {15},

  Publisher                = {Elsevier}
}

@Book{cartographic,
  Title                    = {Cartographic projection procedures for the UNIX environment: A user's manual},
  Author                   = {Evenden, Gerald Ian},
  Publisher                = {Citeseer},
  Year                     = {1990}
}

@Misc{FFMPEG,
  Author                   = {{{FFMPEG} Software}},
  HowPublished             = {https://www.ffmpeg.org/},
  Note                     = {[Online, accessed August 2016]},

  Owner                    = {ghaznavi},
  Timestamp                = {2016.08.10}
}

@InProceedings{Common_test_conditions,
  Title                    = {Common test conditions and software reference configurations for {HEVC} range extensions},
  Author                   = {Flynn, D and Rosewarne, C},
  Booktitle                = {Proceedings of the 14th Meeting of Joint Collaborative Team on Video Coding (JCT-VC) of ITU-T SG16 WP3 and ISO/IEC JTC1/SC29/WG11},
  Year                     = {2013}
}

@Article{SAO,
  Title                    = {Sample adaptive offset in the {HEVC} standard},
  Author                   = {Fu, Chih Ming and Alshina, Elena and Alshin, Alexander and Huang, Yu Wen and Chen, Ching Yeh and Tsai, Chia Yang and Hsu, Chih Wei and Lei, Shaw Min and Park, Jeong HoonHoon and Han, Woo JinJin},
  Journal                  = {IEEE Transactions on Circuits and Systems for Video technology},
  Year                     = {2012},
  Number                   = {12},
  Pages                    = {1755--1764},
  Volume                   = {22},

  File                     = {:References\\SAO.pdf:PDF},
  Publisher                = {IEEE}
}

@Article{Rhombic,
  Title                    = {The rhombic dodecahedron map: An efficient scheme for encoding panoramic video},
  Author                   = {Fu, Chi Wing and Wan, Liang and Wong, Tien Tsin and Leung, Chi Sing},
  Journal                  = {IEEE Transactions on Multimedia},
  Year                     = {2009},
  Number                   = {4},
  Pages                    = {634--644},
  Volume                   = {11},

  File                     = {:References\\Rhombic.pdf:PDF},
  Publisher                = {IEEE}
}

@Article{Quadtree_HEVC,
  Title                    = {Block merging for quadtree-based partitioning in {HEVC}},
  Author                   = {Helle, Philipp and Oudin, Simon and Bross, Benjamin and Marpe, Detlev and Bici, M Oguz and Ugur, Kemal and Jung, Joel and Clare, Gordon and Wiegand, Thomas},
  Journal                  = {IEEE Transactions on Circuits and Systems for Video Technology},
  Year                     = {2012},
  Number                   = {12},
  Pages                    = {1720--1731},
  Volume                   = {22},

  File                     = {:References\\Quadtree.pdf:PDF},
  Publisher                = {IEEE}
}

@Misc{HM,
  Author                   = {{{High Efficiency Video Coding (HEVC)} reference software {HM}}},
  HowPublished             = {https://hevc.hhi.fraunhofer.de/.},
  Note                     = {[Online, accessed August 2016]},

  Organization             = {Fraunhofer Institute for Telecommunications, Heinrich Hertz Institute.},
  Owner                    = {ghaznavi},
  Timestamp                = {2016.08.09}
}

@Article{PSNR,
  Title                    = {Scope of validity of {PSNR} in image/video quality assessment},
  Author                   = {Huynh-Thu, Quan and Ghanbari, Mohammed},
  Journal                  = {Electronics letters},
  Year                     = {2008},
  Number                   = {13},
  Pages                    = {800--801},
  Volume                   = {44},

  Publisher                = {IET}
}

@Misc{JCT-VC,
  Author                   = {{{Joint Video Team (JVT), ITU-T} website}},
  HowPublished             = {http://www.itu.int/en/ITU-T/studygroups/com16/video/Pages/jvt.aspx.},
  Note                     = {[Online, accessed August 2016]},

  Owner                    = {ghaznavi},
  Timestamp                = {2016.08.10}
}

@Article{ObjectBased_1,
  Title                    = {Object-based texture coding of moving video in {MPEG-4}},
  Author                   = {Kaup, Andre},
  Journal                  = {IEEE Transactions on Circuits and Systems for Video Technology},
  Year                     = {1999},
  Number                   = {1},
  Pages                    = {5--15},
  Volume                   = {9},

  Publisher                = {IEEE}
}

@Article{Block_Partitioning,
  Title                    = {Block partitioning structure in the {HEVC} standard},
  Author                   = {Kim, Il Koo and Min, Junghye and Lee, Tammy and Han, Woo Jin and Park, Jeong Hoon},
  Journal                  = {IEEE transactions on circuits and systems for video technology},
  Year                     = {2012},
  Number                   = {12},
  Pages                    = {1697--1706},
  Volume                   = {22},

  File                     = {:References\\Block_Partitioning.pdf:PDF},
  Publisher                = {IEEE}
}

@InProceedings{panorama_coding,
  Title                    = {Panorama video coding for user-driven interactive video application},
  Author                   = {Kimata, Hideaki and Shimizu, Shinya and Kunita, Yutaka and Isogai, Megumi and Ohtani, Yoshimitsu},
  Booktitle                = {2009 IEEE 13th International Symposium on Consumer Electronics},
  Year                     = {2009},
  Organization             = {IEEE},
  Pages                    = {112--114},

  File                     = {:References\\panorama coding_2.pdf:PDF}
}

@Article{HEVC_Intra,
  Title                    = {Intra coding of the {HEVC} standard},
  Author                   = {Lainema, Jani and Bossen, Frank and Han, Woo JinJin and Min, Junghye and Ugur, Kemal},
  Journal                  = {IEEE Transactions on Circuits and Systems for Video Technology},
  Year                     = {2012},
  Number                   = {12},
  Pages                    = {1792--1801},
  Volume                   = {22},

  File                     = {:References\\intra_hevc.pdf:PDF},
  Publisher                = {IEEE}
}

@InProceedings{ObjectBased_4,
  Title                    = {New padding algorithm for object-based coding},
  Author                   = {Long, Liu and Zhanhui, Wang and Qijun, Song and Haiyan, Zhou},
  Booktitle                = {Image and Signal Processing (CISP), 2011 4th International Congress on},
  Year                     = {2011},
  Organization             = {IEEE},
  Pages                    = {556--559},
  Volume                   = {1}
}

@Article{ObjectBased_2,
  Title                    = {Boundary block-merging ({BBM}) technique for efficient texture coding of arbitrarily shaped object},
  Author                   = {Moon, Joo-Hee and Kweon, Ji-Heon and Kim, Hae-Kwang},
  Journal                  = {IEEE Transactions on Circuits and Systems for Video Technology},
  Year                     = {1999},
  Number                   = {1},
  Pages                    = {35--43},
  Volume                   = {9},

  Publisher                = {IEEE}
}

@Article{ng2005data,
  Title                    = {Data compression and transmission aspects of panoramic videos},
  Author                   = {Ng, King To and Chan, Shing Chow and Shum, Heung Yeung},
  Journal                  = {IEEE Transactions on Circuits and Systems for Video Technology},
  Year                     = {2005},
  Number                   = {1},
  Pages                    = {82--95},
  Volume                   = {15},

  File                     = {:References\\Panorama coding_1.pdf:PDF},
  Publisher                = {IEEE}
}

@Misc{OZO,
  Author                   = {{Nokia's Virtual Reality Camera {OZO}}},
  HowPublished             = {https://ozo.nokia.com/},
  Note                     = {[Online, accessed August 2016]},

  Owner                    = {ghaznavi},
  Timestamp                = {2016.08.09}
}

@Article{HEVC_DeblockingFilter,
  Title                    = {{HEVC} deblocking filter},
  Author                   = {Norkin, Andrey and Bjøntegaard, Gisle and Fuldseth, Arild and Narroschke, Matthias and Ikeda, Masaru and Andersson, Kenneth and Zhou, Minhua and Van der Auwera, Geert},
  Journal                  = {IEEE Transactions on Circuits and Systems for Video Technology},
  Year                     = {2012},
  Number                   = {12},
  Pages                    = {1746--1754},
  Volume                   = {22},

  File                     = {:References\\HEVC_DBF.pdf:PDF},
  Publisher                = {IEEE}
}

@Article{HEVC_Overview_2,
  Title                    = {Comparison of the coding efficiency of video coding standards including high efficiency video coding ({HEVC})},
  Author                   = {Ohm, Jens Rainer and Sullivan, Gary J and Schwarz, Heiko and Tan, Thiow Keng and Wiegand, Thomas},
  Journal                  = {IEEE Transactions on Circuits and Systems for Video Technology},
  Year                     = {2012},
  Number                   = {12},
  Pages                    = {1669--1684},
  Volume                   = {22},

  Publisher                = {IEEE}
}

@Article{HMD,
  Title                    = {Head-mounted display systems},
  Author                   = {Rolland, JP and Hua, Hong},
  Journal                  = {Encyclopedia of optical engineering},
  Year                     = {2005},
  Pages                    = {1--13},

  Publisher                = {Citeseer}
}

@Misc{Gear_VR,
  Author                   = {{Samsung Gear {VR}}},
  HowPublished             = {http://www.samsung.com/global/galaxy/gear-vr/},
  Note                     = {[Online, accessed August 2016]},

  Owner                    = {ghaznavi},
  Timestamp                = {2016.08.14}
}

@InProceedings{ObjectBased_3,
  Title                    = {An {MPEG}-4 Texture Coding Approach Using Refined Boundary Block Merging and Adaptive {SA-DCT}},
  Author                   = {Shih, Jau-Ling and Lee, Chang-Hsing and Chiang, Yen-Yi},
  Booktitle                = {IMECS},
  Year                     = {2006},
  Pages                    = {578--583}
}

@Article{HEVC_Overview_1,
  Title                    = {Overview of the high efficiency video coding ({HEVC}) standard},
  Author                   = {Sullivan, Gary J and Ohm, Jens RainerRainer and Han, Woo JinJin and Wiegand, Thomas},
  Journal                  = {IEEE Transactions on circuits and systems for video technology},
  Year                     = {2012},
  Number                   = {12},
  Pages                    = {1649--1668},
  Volume                   = {22},

  File                     = {:References\\HEVC_overview_1.pdf:PDF},
  Publisher                = {IEEE}
}

@Article{CABAC,
  Title                    = {High throughput {CABAC} entropy coding in {HEVC}},
  Author                   = {Sze, Vivienne and Budagavi, Madhukar},
  Journal                  = {IEEE Transactions on Circuits and Systems for Video Technology},
  Year                     = {2012},
  Number                   = {12},
  Pages                    = {1778--1791},
  Volume                   = {22},

  Publisher                = {IEEE}
}

@Misc{VQEG,
  Author                   = {{The Video Quality Experts Group (VQEG)}},
  HowPublished             = {http://www.its.bldrdoc.gov/vqeg/vqeg-home.aspx},
  Note                     = {[Online, accessed August 2016]},

  Owner                    = {ghaznavi},
  Timestamp                = {2016.08.11}
}

@InProceedings{tovsic2009low,
  Title                    = {Low bit-rate compression of omnidirectional images},
  Author                   = {Tosic, Ivana and Frossard, Pascal},
  Booktitle                = {Proceedings of the 27th conference on Picture Coding Symposium},
  Year                     = {2009},
  Organization             = {IEEE Press},
  Pages                    = {53--56},

  File                     = {:References\\Panorama coding_3.pdf:PDF}
}

@Misc{UNDO,
  Author                   = {{{UNDO}'s website}},
  HowPublished             = {http://undo.fi/},
  Note                     = {[Online, accessed August 2016]},

  Owner                    = {ghaznavi},
  Timestamp                = {2016.08.16}
}

@InProceedings{MPQM,
  Title                    = {Perceptual quality measure using a spatiotemporal model of the human visual system},
  Author                   = {Van den Branden Lambrecht, Christian J and Verscheure, Olivier},
  Booktitle                = {Electronic Imaging: Science \& Technology},
  Year                     = {1996},
  Organization             = {International Society for Optics and Photonics},
  Pages                    = {450--461}
}

@Article{Objective_Quality,
  Title                    = {Survey of objective video quality measurements},
  Author                   = {Wang, Yubing},
  Year                     = {2006},

  File                     = {:References\\quality metrics.pdf:PDF}
}

@Misc{ObjectiveQuality,
  Title                    = {The Handbook of video Databases: Design and applications (B. Furht and O. Marques, eds), chapter Objective video quality assessment, pages pp. 1041--1078},

  Author                   = {Wang, Z and Sheikh, HR and Bovik, AC},
  Year                     = {2003},

  Publisher                = {CRC Press, September}
}

@Conference{Cinematic_VR_Contribution,
  Title                    = {Requirements on cinematic virtual reality mapping schemes},
  Author                   = {Wen, Ziyu and Li, Jisheng and Li, Sihan and Wen, Jiangtao},
  Booktitle                = {MPEG M38110},
  Year                     = {2016},
  Month                    = {February},

  Owner                    = {ghaznavi},
  Timestamp                = {2016.08.09}
}

@Article{H.264_Overview,
  Title                    = {Overview of the {H. 264/AVC} video coding standard},
  Author                   = {Wiegand, Thomas and Sullivan, Gary J and Bjontegaard, Gisle and Luthra, Ajay},
  Journal                  = {IEEE Transactions on circuits and systems for video technology},
  Year                     = {2003},
  Number                   = {7},
  Pages                    = {560--576},
  Volume                   = {13},

  Publisher                = {IEEE}
}

@InProceedings{PRDS,
  Title                    = {Content Adaptive Representations of Omnidirectional Videos for Cinematic Virtual Reality},
  Author                   = {Yu, Matt and Lakshman, Haricharan and Girod, Bernd},
  Booktitle                = {Proceedings of the 3rd International Workshop on Immersive Media Experiences},
  Year                     = {2015},
  Organization             = {ACM},
  Pages                    = {1--6},

  File                     = {:References\\P-RDS.pdf:PDF}
}

@InProceedings{SPSNR,
  Title                    = {A Framework to Evaluate Omnidirectional Video Coding Schemes},
  Author                   = {Yu, Matt and Lakshman, Haricharan and Girod, Bernd},
  Booktitle                = {Mixed and Augmented Reality (ISMAR), 2015 IEEE International Symposium on},
  Year                     = {2015},
  Organization             = {IEEE},
  Pages                    = {31-36},

  File                     = {:References\\SPSNR.pdf:PDF}
}

@InProceedings{SSIM,
  Title                    = {Video quality assessment using structural distortion measurement},
  Author                   = {Zhou, Wang and Liang, Lu and Bovik, A},
  Booktitle                = {Proc. 2002 Int. Conf. on Image Processing, Rochester, NY, USA},
  Year                     = {2002},
  Volume                   = {3}
}

